@article {Yang1967,
    AUTHOR = {C. N. Yang},
     TITLE = {Some exact results for the many-body problem in one dimension with repulsive delta-function interaction},
   JOURNAL = {Phys. Rev. Lett.},
  FJOURNAL = {Physical Review Letters},
    VOLUME = {19},
      YEAR = {1967},
     PAGES = {1312--1315},
      ISSN = {},
   MRCLASS = {},
MRREVIEWER = {S. Deser},
       DOI = {},
       URL = {}}

@article {Baxter1971,
    AUTHOR = {R. J. Baxter},
     TITLE = {Eight-vertex model in lattice statistics},
   JOURNAL = {Phys. Rev. Lett.},
  FJOURNAL = {Physical Review Letters},
    VOLUME = {26},
      YEAR = {1971},
     PAGES = {832--833},
      ISSN = {},
   MRCLASS = {},
MRREVIEWER = {},
       DOI = {},
       URL = {}}

@incollection{Dri1992,
	address = {Berlin},
	author = {V. G. Drinfeld},
	booktitle = {Quantum Groups (Leningrad 1990)},
	date-added = {2019-05-14 13:40:02 +0200},
	date-modified = {2019-05-19 15:17:32 +0200},
	pages = {1--8},
	publisher = {Springer},
	series = {Lecture Notes in Math.},
	title = {On some unsolved problems in quantum group theory},
	volume = {1510},
	year = {1992}}

@article {LYZ00,
    AUTHOR = {Lu, J.-H. and Yan, M. and Zhu, Y.-C.},
     TITLE = {On the set-theoretical {Y}ang-{B}axter equation},
   JOURNAL = {Duke Math. J.},
  FJOURNAL = {Duke Mathematical Journal},
    VOLUME = {104},
      YEAR = {2000},
    NUMBER = {1},
     PAGES = {1--18},
}

@article {MR2278047,
    AUTHOR = {Rump, Wolfgang},
     TITLE = {Braces, radical rings, and the quantum {Y}ang-{B}axter
              equation},
   JOURNAL = {J. Algebra},
  FJOURNAL = {Journal of Algebra},
    VOLUME = {307},
      YEAR = {2007},
    NUMBER = {1},
     PAGES = {153--170},
      ISSN = {},
   MRCLASS = {16Y99 (16W30)},
  MRNUMBER = {2278047},
MRREVIEWER = {Gigel Militaru},
       DOI = {},
       URL = {},
}

@article {MR3647970,
    AUTHOR = {Guarnieri, L. and Vendramin, L.},
     TITLE = {Skew braces and the {Y}ang-{B}axter equation},
   JOURNAL = {Math. Comp.},
  FJOURNAL = {Mathematics of Computation},
    VOLUME = {86},
      YEAR = {2017},
    NUMBER = {307},
     PAGES = {2519--2534},
      ISSN = {},
   MRCLASS = {16T25 (81R50)},
  MRNUMBER = {3647970},
MRREVIEWER = {},
       DOI = {},
       URL = {},
}

@article {MR3818285,
    AUTHOR = {Ced\'{o}, Ferran and Gateva-Ivanova, Tatiana and Smoktunowicz,
              Agata},
     TITLE = {Braces and symmetric groups with special conditions},
   JOURNAL = {J. Pure Appl. Algebra},
  FJOURNAL = {Journal of Pure and Applied Algebra},
    VOLUME = {222},
      YEAR = {2018},
    NUMBER = {12},
     PAGES = {3877--3890},
      ISSN = {},
   MRCLASS = {16T25 (16N20 16N40 16W22 20F16 81R50)},
  MRNUMBER = {3818285},
MRREVIEWER = {Leandro Vendramin},
       DOI = {},
       URL = {},
}

@article {MR4136750,
    AUTHOR = {Lau, Ivan},
     TITLE = {An associative left brace is a ring},
   JOURNAL = {J. Algebra Appl.},
  FJOURNAL = {Journal of Algebra and its Applications},
    VOLUME = {19},
      YEAR = {2020},
    NUMBER = {9},
     PAGES = {2050179, 6},
      ISSN = {},
   MRCLASS = {16T25 (16N20 81R50)},
  MRNUMBER = {4136750},
MRREVIEWER = {Jo\~{a}o Matheus Jury Giraldi},
       DOI = {},
       URL = {},
}

@article {MR4223285,
    AUTHOR = {Konovalov, Alexander and Smoktunowicz, Agata and Vendramin,
              Leandro},
     TITLE = {On skew braces and their ideals},
   JOURNAL = {Exp. Math.},
  FJOURNAL = {Experimental Mathematics},
    VOLUME = {30},
      YEAR = {2021},
    NUMBER = {1},
     PAGES = {95--104},
      ISSN = {},
   MRCLASS = {20N99 (16T25)},
  MRNUMBER = {4223285},
MRREVIEWER = {Arne Van Antwerpen},
       DOI = {},
       URL = {},
}

@article {MR1722951,
    AUTHOR = {Etingof, Pavel and Schedler, Travis and Soloviev, Alexandre},
     TITLE = {Set-theoretical solutions to the quantum {Y}ang-{B}axter
              equation},
   JOURNAL = {Duke Math. J.},
  FJOURNAL = {Duke Mathematical Journal},
    VOLUME = {100},
      YEAR = {1999},
    NUMBER = {2},
     PAGES = {169--209},
      ISSN = {},
   MRCLASS = {16W35 (81R50)},
  MRNUMBER = {1722951},
MRREVIEWER = {E. J. Taft},
       DOI = {},
       URL = {},
}

@article {MR1809284,
    AUTHOR = {Soloviev, Alexander},
     TITLE = {Non-unitary set-theoretical solutions to the quantum
              {Y}ang-{B}axter equation},
   JOURNAL = {Math. Res. Lett.},
  FJOURNAL = {Mathematical Research Letters},
    VOLUME = {7},
      YEAR = {2000},
    NUMBER = {5-6},
     PAGES = {577--596},
      ISSN = {},
   MRCLASS = {16W35 (81R50)},
  MRNUMBER = {1809284},
MRREVIEWER = {E. J. Taft},
       DOI = {},
       URL = {},
}

article {MR3763907,
    AUTHOR = {Smoktunowicz, Agata and Vendramin, Leandro},
     TITLE = {On skew braces (with an appendix by {N}. {B}yott and {L}.
              {V}endramin)},
   JOURNAL = {J. Comb. Algebra},
  FJOURNAL = {Journal of Combinatorial Algebra},
    VOLUME = {2},
      YEAR = {2018},
    NUMBER = {1},
     PAGES = {47--86},
      ISSN = {2415-6302},
   MRCLASS = {16T25 (81R50)},
  MRNUMBER = {3763907},
MRREVIEWER = {Thomas Gu\'{e}d\'{e}non},
       DOI = {},
       URL = {},
}

@article {MR4457900,
    AUTHOR = {Ced\'{o}, F. and Jespers, E. and Kubat, \L . and Van Antwerpen, A.
              and Verwimp, C.},
     TITLE = {On various types of nilpotency of the structure monoid and
              group of a set-theoretic solution of the {Y}ang-{B}axter
              equation},
   JOURNAL = {J. Pure Appl. Algebra},
  FJOURNAL = {Journal of Pure and Applied Algebra},
    VOLUME = {227},
      YEAR = {2023},
    NUMBER = {2},
     PAGES = {Paper No. 107194, 38},
      ISSN = {},
   MRCLASS = {16T25 (20F18 20F19 20M07)},
  MRNUMBER = {4457900},
       DOI = {},
       URL = {},
}

@article {MR3425626,
    AUTHOR = {Byott, Nigel P.},
     TITLE = {Solubility criteria for {H}opf-{G}alois structures},
   JOURNAL = {New York J. Math.},
  FJOURNAL = {New York Journal of Mathematics},
    VOLUME = {21},
      YEAR = {2015},
     PAGES = {883--903},
      ISSN = {1076-9803},
   MRCLASS = {12F10 (16T05 20D05)},
  MRNUMBER = {3425626},
MRREVIEWER = {Bertin\ Diarra},
       URL = {http://nyjm.albany.edu:8000/j/2015/21_883.html},
}

@article {CeOkn,
    AUTHOR = {Ced\'{o}, F. and Okni\'{n}ski, J.},
     TITLE = {New simple solutions of the {Y}ang--{B}axter equation and solutions associated to simple left braces},
   JOURNAL = {J. Algebra},
  FJOURNAL = {Journal of Algebra},
    VOLUME = {600},
      YEAR = {2022},
     PAGES = {125--151},
      ISSN = {0021-8693,1090-266X},
   MRCLASS = {16T25 (20B15 20F16)},
MRREVIEWER = {Paola\ Stefanelli},
       DOI = {10.1016/j.jalgebra.2022.02.011},
       URL = {https://doi.org/10.1016/j.jalgebra.2022.02.011},
}


@article {Cast22,
    AUTHOR = {M. Castelli},
     TITLE = {A characterization of finite simple set-theoretic solutions of
              the {Y}ang-{B}axter equation},
   JOURNAL = {Proc. Amer. Math. Soc.},
  FJOURNAL = {Proceedings of the American Mathematical Society},
    VOLUME = {151},
      YEAR = {2023},
    NUMBER = {12},
     PAGES = {5047--5057},
      ISSN = {0002-9939,1088-6826},
   MRCLASS = {16T25 (81R50)},
       DOI = {10.1090/proc/16329},
       URL = {https://doi.org/10.1090/proc/16329},
}

@misc{simple,
      title={Simple solutions of the Yang-Baxter equation}, 
      author={Ilaria Colazzo and Eric Jespers and Łukasz Kubat and Arne Van Antwerpen},
      year={2023},
      eprint={2312.09687},
      archivePrefix={arXiv},
      primaryClass={math.RA}
}

@article {MR4391683,
    AUTHOR = {Ced\'{o}, F. and Okni\'{n}ski, J.},
     TITLE = {New simple solutions of the {Y}ang-{B}axter equation and
              solutions associated to simple left braces},
   JOURNAL = {J. Algebra},
  FJOURNAL = {Journal of Algebra},
    VOLUME = {600},
      YEAR = {2022},
     PAGES = {125--151},
      ISSN = {0021-8693,1090-266X},
   MRCLASS = {16T25 (20B15 20F16)},
  MRNUMBER = {4391683},
MRREVIEWER = {Paola\ Stefanelli},
       DOI = {10.1016/j.jalgebra.2022.02.011},
       URL = {https://doi.org/10.1016/j.jalgebra.2022.02.011},
}

@misc{colazzo2023simple,
      title={Simple solutions of the Yang-Baxter equation}, 
      author={Ilaria Colazzo and Eric Jespers and Łukasz Kubat and Arne Van Antwerpen},
      year={2023},
      eprint={2312.09687},
      archivePrefix={arXiv},
      primaryClass={math.RA}
}